<record><leader>00000cas a22000007a 4500</leader><controlfield tag="001">19712840</controlfield><controlfield tag="008">890516c19889999pauwr ne      0    0eng d</controlfield><datafield ind1=" " ind2=" " tag="010"><subfield code="a">sn 89077514 </subfield></datafield><datafield ind1=" " ind2=" " tag="040"><subfield code="a">NPH</subfield><subfield code="b">eng</subfield><subfield code="c">NPH</subfield><subfield code="d">PV7</subfield><subfield code="d">OCLCQ</subfield><subfield code="d">OCLCF</subfield><subfield code="d">OCLCO</subfield></datafield><datafield ind1=" " ind2=" " tag="042"><subfield code="a">msc</subfield></datafield><datafield ind1=" " ind2=" " tag="043"><subfield code="a">n-us-pa</subfield></datafield><datafield ind1="0" ind2=" " tag="130"><subfield code="a">Public ledger (Millersville, Pa.)</subfield></datafield><datafield ind1="1" ind2="4" tag="245"><subfield code="a">The public ledger.</subfield></datafield><datafield ind1=" " ind2=" " tag="260"><subfield code="a">Millersville, Pa. :</subfield><subfield code="b">Jim Wolf and Don Althouse,</subfield><subfield code="c">1988-</subfield></datafield><datafield ind1=" " ind2=" " tag="300"><subfield code="a">v. :</subfield><subfield code="b">ill. ;</subfield><subfield code="c">57 cm.</subfield></datafield><datafield ind1=" " ind2=" " tag="310"><subfield code="a">Weekly</subfield></datafield><datafield ind1="0" ind2=" " tag="362"><subfield code="a">Vol. 1, no. 1 (Mar. 16, 1988)-</subfield></datafield><datafield ind1=" " ind2=" " tag="500"><subfield code="a">"Serving East and West Hempfield Township and East Petersburg and Mountville Boroughs."</subfield></datafield><datafield ind1=" " ind2="0" tag="650"><subfield code="a">Newspapers.</subfield></datafield><datafield ind1=" " ind2="0" tag="651"><subfield code="a">Quarryville (Pa.)</subfield><subfield code="v">Newspapers.</subfield></datafield><datafield ind1=" " ind2="7" tag="655"><subfield code="a">Newspapers.</subfield><subfield code="2">fast</subfield><subfield code="0">(OCoLC)fst01423814</subfield></datafield><datafield ind1=" " ind2="7" tag="650"><subfield code="a">Newspapers.</subfield><subfield code="2">fast</subfield><subfield code="0">(OCoLC)fst01037111</subfield></datafield><datafield ind1=" " ind2="7" tag="651"><subfield code="a">Pennsylvania</subfield><subfield code="z">Quarryville.</subfield><subfield code="2">fast</subfield><subfield code="0">(OCoLC)fst01204239</subfield></datafield><datafield ind1=" " ind2=" " tag="752"><subfield code="a">United States</subfield><subfield code="b">Pennsylvania</subfield><subfield code="c">Lancaster</subfield><subfield code="d">Millersville.</subfield></datafield><datafield ind1="0" ind2=" " tag="775"><subfield code="t">Local ledger (Quarryville, Pa.)</subfield><subfield code="w">(DLC)sn 89077515</subfield></datafield><datafield ind1="0" ind2=" " tag="775"><subfield code="t">Sun-ledger (Quarryville, Pa.)</subfield><subfield code="w">(DLC)sn 89077486</subfield></datafield></record>